@article{IEEE1983,
abstract = {Electronic resource type: Report.},
author = {IEEE},
isbn = {9780738143439},
journal = {Standard Definitions of Terms for Antennas},
title = {{IEEE 145-1983 - IEEE Standard Definitions of Terms for Antennas}},
year = {1983}
}
